<collection xmlns="http://www.loc.gov/MARC21/slim">
<record>
  <leader>01791nam0a22002651i 450 </leader>
  <controlfield tag="001">IT\ICCU\CNCE\053093</controlfield>
  <controlfield tag="005">20080407000000.0</controlfield>
  <datafield tag="012" ind1=" " ind2=" ">
    <subfield code="a">a.un m.m. e.n- nola (3) 1527 (A)</subfield>
    <subfield code="2">fei</subfield>
  </datafield>
  <datafield tag="100" ind1=" " ind2=" ">
    <subfield code="a">20020828d1527        0itac0103    ba</subfield>
  </datafield>
  <datafield tag="101" ind1=" " ind2=" ">
    <subfield code="a">LAT</subfield>
  </datafield>
  <datafield tag="102" ind1=" " ind2=" ">
    <subfield code="a">IT</subfield>
  </datafield>
  <datafield tag="200" ind1="1" ind2=" ">
    <subfield code="a">Breuiarium Liciense ex antiquo Ecclesiae ritu nuper correctum &amp; reformatum nunquam alias impressum \ ! quibusdam additis officijs, tabulis, atque rubricis suo loco necessariis. Iuncto etiam foliorum numero ad quoduis facile inueniendum pro maiori orationum  clericorum facilitate atque deuotione</subfield>
  </datafield>
  <datafield tag="210" ind1=" " ind2=" ">
    <subfield code="a">\Venezia!</subfield>
    <subfield code="c">ad instantiam Francisci de Ferrarijs</subfield>
    <subfield code="d">&amp; magistri Donati Gommerini bibliopole sociorum Licensium</subfield>
    <subfield code="d">1527</subfield>
    <subfield code="e">Venetijs</subfield>
    <subfield code="g">per Io. Antonium &amp; fratres de Sabbio</subfield>
    <subfield code="g">ad instantiam magistri Donati Gommorini bibliopole Licien.</subfield>
    <subfield code="h">1526</subfield>
  </datafield>
  <datafield tag="215" ind1=" " ind2=" ">
    <subfield code="a">\16!, 76, \2!, 600 \i.e. 500!, 42 c.</subfield>
    <subfield code="c">ill.</subfield>
    <subfield code="d">8ʻ</subfield>
  </datafield>
  <datafield tag="300" ind1=" " ind2=" ">
    <subfield code="a">A c. k4r altro coloph. : (Venetiis : per Ioan. Antonium et fratres de Sabbio ad instantiam magistri Donati Gommarini, &amp; Franciscus \!! de Ferrarijs socijs de Licio, 1526).A c.segnata 63,8v. altro coloph.: (Impressum Venetijs, per Io. Antonium &amp; fratresde Sabbio, 1527 mense Octob.)</subfield>
  </datafield>
  <datafield tag="620" ind1=" " ind2=" ">
    <subfield code="a">IT</subfield>
    <subfield code="d">Venezia</subfield>
  </datafield>
  <datafield tag="710" ind1="0" ind2="2">
    <subfield code="a">Lecce</subfield>
    <subfield code="c"> &lt;Diocesi&gt;</subfield>
    <subfield code="3">16524</subfield>
  </datafield>
  <datafield tag="712" ind1="0" ind2="0">
    <subfield code="a">Sommarini, Donato &amp; De_Ferrariis, Francesco</subfield>
    <subfield code="3">IT\ICCU\CNCT\003854</subfield>
    <subfield code="4">650</subfield>
  </datafield>
  <datafield tag="712" ind1="0" ind2="0">
    <subfield code="a">Nicolini da Sabbio, Giovanni Antonio &amp; fratelli</subfield>
    <subfield code="3">IT\ICCU\CNCT\000133</subfield>
    <subfield code="4">650</subfield>
  </datafield>
  <datafield tag="712" ind1="0" ind2="0">
    <subfield code="a">Sommarini, Donato</subfield>
    <subfield code="3">IT\ICCU\CNCT\003855</subfield>
    <subfield code="4">650</subfield>
  </datafield>
  <datafield tag="791" ind1="0" ind2="0">
    <subfield code="a">Sommarinus, Donatus</subfield>
    <subfield code="3">IT\ICCU\CNCT\005711</subfield>
    <subfield code="z">Sommarini, Donato</subfield>
  </datafield>
  <datafield tag="801" ind1=" " ind2="3">
    <subfield code="a">IT</subfield>
    <subfield code="b">ICCU</subfield>
    <subfield code="c">20201115</subfield>
  </datafield>
  <datafield tag="899" ind1=" " ind2=" ">
    <subfield code="a">Biblioteca comunale dell&apos;Archiginnasio. Bologna</subfield>
    <subfield code="1">BO0304</subfield>
    <subfield code="2">UBO GA</subfield>
  </datafield>
  <datafield tag="899" ind1=" " ind2=" ">
    <subfield code="a">Biblioteca provinciale Nicola Bernardini. Lecce</subfield>
    <subfield code="z">MUTILO</subfield>
    <subfield code="1">LE0098</subfield>
    <subfield code="2">LEK LE</subfield>
  </datafield>
  <datafield tag="899" ind1=" " ind2=" ">
    <subfield code="a">Biblioteca Angelica. Roma</subfield>
    <subfield code="1">RM0290</subfield>
    <subfield code="2">RML 06</subfield>
  </datafield>
</record>
</collection>
